 @inbook{forecasting,
   place={Lexington, KY},
   title={Forecasting: Principles and Practice},
   booktitle={Forecasting: principles and practice ; a comprehensive indtroduction to the latest forecasting methods using R ; learn to improve your forecast accuracy using dozenss of real data examples.},
   publisher={Otexts},
   author={Hyndman, Rob J. and Athanasopoulos, George},
   year={2018}}

 @misc{average,
  title={Moving average},
  url={https://en.wikipedia.org/wiki/Moving_average},
  journal={Wikipedia},
  publisher={Wikimedia Foundation},
  year={2021}, month={Feb},
  note= "accessed 2020-02-12"}

 @misc{carrasco_2020,
  title={Gaussian Mixture Models Explained},
  url={https://towardsdatascience.com/gaussian-mixture-models-explained-6986aaf5a95}, journal={Medium},
  publisher={Towards Data Science},
  author={Carrasco, Oscar Contreras},
  year={2020},
  month={Feb}}

 @misc{ethen,
  title={Gaussian Mixture Model},
  url={http://ethen8181.github.io/machine-learning/clustering/GMM/GMM.html},
  journal={GMM},
  author={Ethen}}

 @misc{BIC,
  title={Bayesian information criterion},
  url={https://en.wikipedia.org/wiki/Bayesian_information_criterion},
  journal={Wikipedia},
  publisher={Wikimedia Foundation},
  year={2020},
  month={Dec}}
